@inproceedings{vsvec2010vyzkumna,
  title={V{\'{y}}zkumn{\'{a}} zpr{\'{a}}va projektu Jazykov{\'{e}} modelov{\'{a}}n{\'{i}} z webu},
  author={{\v{S}}vec, Jan and Skorkovsk{\'a}, Lucie and Vavru{\v{s}}ka, J and Ircing, P and Lehe{\v{c}}ka, J and Pra{\v{z}}{\'a}k, A and Kanis, J and Hoidekr, J and Pressl, D and Stanislav, P and others},
  year={2010},
  location={Plzeň},
  publisher={V{\'y}zkumn{\'a} zpr{\'a}va intern{\'i}ho grantu Z{\'a}pado{\v{c}}esk{\'e} univerzity v Plzni {\v{c}}. SGS-2010-054},
  keywords={proceedings}
}

@inproceedings{stanislav2011zarovnavani,
  title={Zarovn{\'a}v{\'a}n{\'i} audia a textu p{\v{r}}i vyu{\v{z}}it{\'i} nov{\'y}ch zdroj{\u{u}} dat pro akustick{\'e} modelov{\'a}n{\'i}},
  author={Stanislav, Petr},
  booktitle={Studenstká vědecká konference 2011},
  year={2011},
  pages={99--100},
  isbn={978-80-261-0000-3},
  location={Plzeň},
  publisher={Z{\'a}pado{\v{c}}esk{\'a} univerzita v Plzni},
  keywords={proceedings}
}

@online{vsvec2011technologie,
  title={Technologie pro multimediální archiv a jazykové modelování},
  author={{\v{S}}vec, Jan and Pra{\v{z}}{\'a}k, Ale\v{s} and Hoidekr, Jan and Skorkovsk{\'a}, Lucie and Vavru{\v{s}}ka, J and Lehe{\v{c}}ka, J and Pressl, D and Stanislav, P and Ircing, P and Kanis, J},
  year={2011},
  url={https://www.kky.zcu.cz/cs/sw/jmzw},
  keywords={sw}
}

@misc{vsvec2011vyzkumna,
  title={V{\'{y}}zkumn{\'{a}} zpr{\'{a}}va projektu Jazykov{\'{e}} modelov{\'{a}}n{\'{i}} z webu 2011},
  author={{\v{S}}vec, Jan and Pra{\v{z}}{\'a}k, Ale\v{s} and Hoidekr, Jan and Skorkovsk{\'a}, Lucie and Vavru{\v{s}}ka, Jan and Lehe{\v{c}}ka, Jan and Pressl, D and Stanislav, P and Ircing, P},
  year={2011},
  publisher={V{\'y}zkumn{\'a} zpr{\'a}va intern{\'i}ho grantu Z{\'a}pado{\v{c}}esk{\'e} univerzity v Plzni},
  pagetotal={11},
  location={Plzeň},
  keywords={sw}
}

@inproceedings{stanislav2012svk,
  title={Influence of different phoneme mappings on the recognition accuracy of electrolaryngeal Speech},
  author={Stanislav, Petr},
  booktitle={SVK 2012 - magisterské a doktorské studijní programy, sborník rozšířených abstraktů},
  publisher={Západočeská univerzita v Plzni},
  location={Plzeň},
  pages={95--97},
  isbn={978-80-261-0127-7},
  year={2012},
  keywords={proceedings}
}

@inproceedings{tihelka2011artic,
  title={ARTIC for assistive technologies: Transformation to resourcelimited hardware},
  author={Tihelka, Daniel and Stanislav, Petr},
  booktitle={Proceedings of World Congress on Engineering and Computer Science},
  pages={581--584},
  year={2011},
  isbn={978-988-18210-9-6},
  location={Hong Kong},
  keywords={proceedings}
}

@inproceedings{stanislav2012influence,
  title={Influence of Different Phoneme Mappings on the Recognition Accuracy of Electrolaryngeal Speech.},
  author={Stanislav, Petr and Psutka, Josef V},
  booktitle={Proceedings of the International Conference on Signal Processing and Multimedia Applications and Wireless Information Networks and Systems},
  publisher={SciTePress},
  pages={204--207},
  isbn={978-989-8565-25-9},
  year={2012},
  keywords={proceedings}
}

@inproceedings{stanislav2012unsupervised,
  title={Unsupervised synchronization of hidden subtitles with audio track using keyword spotting algorithm},
  author={Stanislav, Petr and {\v{S}}vec, Jan and {\v{S}}m{\'i}dl, Lubo{\v{s}}},
  booktitle={International Conference on Text, Speech and Dialogue},
  pages={422--430},
  year={2012},
  issn={0302-9743},
  organization={Springer},
  issue={7499},
  keywords={proceedings}
}

@online{stanislav2013vyukovy,
  title={Výukový program aTT},
  author={Stanislav, Petr and {\v{S}}m\'idl, Lubo\v{s} and {\v{S}}vac, Jan},
  year={2013},
  url={https://www.kky.zcu.cz/cs/sw/att_it-blp},
  keywords={sw}
}

@online{stanislav2014audio,
  title={AudioRecorder},
  author={Stanislav, Petr and {\v{S}}m\'idl, Lubo\v{s}},
  year={2014},
  url={https://www.kky.zcu.cz/cs/sw/AudioRec},
  keywords={sw}
}

@article{svec2014general,
  title={General framework for mining, processing and storing large amounts of electronic texts for language modeling purposes},
  author={{\v{S}}vec, Jan and Lehe{\v{c}}ka, Jan and Ircing, Pavel and Skorkovsk{\'{a}}, Lucie and Pra{\v{z}}{\'{a}}k, Ale{\v{s}} and Vavru{\v{s}}ka, Jan and Stanislav, Petr and Hoidekr, Jan},
  journal={Language resources and evaluation},
  volume={48},
  number={2},
  pages={227--248},
  year={2014},
  publisher={Springer},
  keywords={author,impact}
}

@online{vsvec2014mclaas,
  title={MCLAAS - integrovaný systém vyhledávání ve vícejazyčném audioarchívu výpovědí svědků holocaustu},
  author={{\v{S}}vec, Jan and Valenta, Tom\'a\v{s} and Stanislav, P and Ircing, P and Psutka, J and M\"uller, L and Bojar, O and Tamchyna, A and Mare\v{c}ek, D and \v{Z}abokrstk\ý, Z and Popel, M and Galu\v{s}\v{c}\'akov\'a, P and Ure\v{s}ov\'a, Z and Haji\v{c}},
  year={2014},
  url={https://www.kky.zcu.cz/cs/sw/AudioRec},
  keywords={sw}
}

@online{smidl2015databaze,
  title={Databáze nahrávek z vozidla},
  author={{\v{S}}m\'idl, Lubo\v{s} and Stanislav, Petr and {\v{S}}vec, Jan},
  year={2015},
  url={https://www.kky.zcu.cz/cs/sw/AudioRec},
  keywords={sw}
}

@online{vsvec2015mclaas,
  title={MCLAAS - integrovaný systém vyhledávání ve vícejazyčném audioarchívu výpovědí svědků holocaustu},
  author={{\v{S}}vec, Jan and Ch\'ylek, Adam and Stanislav, P and Ircing, P and Pra\v{z}ak, A and Psutka, J and Salajka, P and Zelinka, J and Skorkovsk\á, L and Zaj\'ic, Z and Soutner, D and M\"uller, L and Bojar, O and Tamchyna, A and Mare\v{c}ek, D and \v{Z}abokrstk\ý, Z and Popel, M and Galu\v{s}\v{c}\'akov\'a, P and Ure\v{s}ov\'a, Z and Haji\v{c}},
  year={2015},
  url={https://www.kky.zcu.cz/cs/sw/MCLAAS-G},
  keywords={sw}
}

@online{smidl2015mobile,
  title={Mobile ASR - modul online rozpoznávání hlasu},
  author={{\v{S}}m\'idl, Lubo\v{s} and Stanislav, Petr and {\v{S}}vec, Jan},
  year={2015},
  url={https://www.kky.zcu.cz/cs/sw/ies-online-asr},
  keywords={sw}
}

@online{vsvec2015word,
  title={WFBAS - Word/Phoneme-Based Audio Search},
  author={{\v{S}}vec, Jan and Ch\'ylek, Adam and Stanislav, Petr and Pra\v{z}ak, A and Psutka, J and Zelinka, J and M\"uller, L and Soutner, D},
  year={2015},
  url={https://www.kky.zcu.cz/cs/sw/WFBAS},
  keywords={sw}
}


@online{psutka2016align,
  title={ALIGN - software pro podporu poloautomatického zarovnání nahrávek s existujícími přepisy},
  author={Psutka, Josef and Pra\v{z}\'ak, Ale\v{s} and Stanislav, Petr and M\"uller, L.},
  year={2016},
  url={https://www.kky.zcu.cz/cs/sw/ALIGN},
  keywords={sw}
}

@inproceedings{stanislav2016automatic,
  title={An Automatic Training Tool for Air Traffic Control Training.},
  author={Stanislav, Petr and {\v{S}}m{\'{i}}dl, Lubo\v{s} and {\v{S}}vec, Jan},
  booktitle={INTERSPEECH},
  pages={782--783},
  year={2016},
  isbn={978-1-5108-3313-5},
  location={Red Hook, NY},
  publisher={Curran Associates, Inc.},
  keywords={proceedings}
}

@inproceedings{stanislav2016engine,
  title={An Engine for Online Video Search in Large Archives of the Holocaust Testimonies},
  author={Stanislav, Petr and {\v{S}}vec, Jan and Ircing, Pavel},
  booktitle={INTERSPEECH},
  pages={2352--2353},
  year={2016},
  isbn={978-1-5108-3313-5},
  location={Red Hook, NY},
  publisher={Curran Associates, Inc.},
  keywords={proceedings}
}

@online{smidl2016local,
  title={Local ASR - modul offline rozpoznávání řeči pro OS Android},
  author={{\v{S}}m\'idl, Lubo\v{s} and Stanislav, Petr and Proch\'azka, F.},
  year={2016},
  url={https://www.kky.zcu.cz/cs/sw/ies-offline-asr},
  keywords={sw}
}

@inproceedings{svec2017interactive,
  title     = {Interactive search for words and phrases in large audio-visual archives},
  author    = {{\v{S}}vec, Jan and Stanislav, Petr and Ircing, Pavel and {\v{S}}midl, Lubo{\v{s}} and Psutka, Josef},
  booktitle = {Digitalna obrada govora i slike DOGS 2017, Novi Sad, Novembar 2017},
  pages     = {61--64},
  year      = {2017},
  isbn      = {978-86-7892-993-9},
  location  = {Novi Sad, University of Novi Sad},
  keywords  = {proceedings}
}

@inproceedings{stanislav2017recognition,
  title={Recognition of the Electrolaryngeal Speech: Comparison Between Human and Machine},
  author={Stanislav, Petr and Psutka, Josef V. and Psutka, Josef},
  booktitle={International Conference on Text, Speech, and Dialogue},
  pages={509--517},
  year={2017},
  organization={Springer},
  isbn={978-3-319-64205-5},
  location={Cham},
  keywords={proceedings}
}

@online{stanislav2016system,
  title={Systém pro asistovanou katalogizaci archivu},
  author={Stanislav, Petr and {\v{S}}vec, Jan and Ircing, Pavel and Pra\v{z}\'ak, Ale\v{s}},
  year={2016},
  url={https://www.kky.zcu.cz/cs/sw/SYSAKA},
  keywords={sw}
}

@online{vsvec2018hidoar,
  title={HIDOAR - software pro polouatomatické zpracování a zpřístupnění textových a zvukových nahrávek v integrovaném archivu pramenů},
  author={{\v{S}}vec, Jan and Psutka, Josef and Pra{\v{z}}{\'a}k, A and Stanislav, P and Neduchal, P and Hr{\'u}z, M and Soutner, D and Zelinka, J and Zaj\'c, Z and Ircing, P and Popel, M and Haji\v{c}, J and M\"uller, L},
  year={2018},
  url={https://www.kky.zcu.cz/cs/sw/HIDOAR},
  keywords={sw}
}

@inproceedings{svec2019facilitating,
  title={Facilitating Digital Humanities Research in Central Europe through the Advanced Speech and Image Processing Technologies},
  author={{\v{S}}vec, Jan and Stanislav, Petr and Hr\'{u}z, Marek and Psutka, Josef and Ircing, Pavel},
  booktitle={Proceedings of the 9th Conference of the Japanese Association for Digital Humanitie},
  pages={93--96},
  year={2019},
  issn={2432-3187},
  volume={9},
  keywords={impact}
}

@inproceedings{vsmidl2019talking,
  title={Talking with Artificial Pilot: A Dialogue System for Training Air Traffic Controllers},
  author={{\v{S}}m{\'{i}}dl, Lubo{\v{s}} and {\v{S}}vec, Jan and Ch{\'{y}}lek, Adam and Tihelka, Daniel and Matou{\v{s}}ek, Jind{\v{r}}ich and Stanislav, Petr and Pra{\v{z}}{\'{a}}k, Ale{\v{s}} and Ircing, Pavel and Psutka, Josef},
  journal={Slavonic Natural Language Processing in the 21st Century},
  pages={194--200},
  year={2019},
  isbn={978-80-263-1545-2},
  publisher={Tribun EU},
  keywords={proceedings}
}
